<record xmlns="http://www.loc.gov/MARC21/slim" xmlns:xsi="http://www.w3.org/2001/XMLSchema-instance" xsi:schemaLocation="http://www.loc.gov/MARC21/slim http://www.loc.gov/standards/marcxml/schema/MARC21slim.xsd"><leader>01083cz   2200217n  4500</leader><controlfield tag="001">oca00854280 </controlfield><controlfield tag="005">20010321122345.0</controlfield><controlfield tag="008">830302n| acannaab           |a aaa      </controlfield><datafield ind1=" " ind2=" " tag="010"><subfield code="a">n  82158317 </subfield></datafield><datafield ind1=" " ind2=" " tag="040"><subfield code="a">DLC</subfield><subfield code="c">DLC</subfield><subfield code="d">DLC</subfield></datafield><datafield ind1="0" ind2=" " tag="100"><subfield code="a">Germanicus Caesar,</subfield><subfield code="d">15 B.C.-19 A.D.</subfield></datafield><datafield ind1="0" ind2=" " tag="400"><subfield code="a">Nero Claudius Germanicus,</subfield><subfield code="d">15 B.C.-19 A.D.</subfield></datafield><datafield ind1="0" ind2=" " tag="400"><subfield code="a">Germanicus Julius Caesar,</subfield><subfield code="d">15 B.C.-19 A.D.</subfield></datafield><datafield ind1="0" ind2=" " tag="400"><subfield code="a">Germanicus,</subfield><subfield code="d">15 B.C.-19 A.D.</subfield></datafield><datafield ind1="0" ind2=" " tag="400"><subfield code="a">Germanico,</subfield><subfield code="d">15 B.C.-19 A.D.</subfield></datafield><datafield ind1="0" ind2=" " tag="400"><subfield code="a">Germanico Giulio Cesare,</subfield><subfield code="d">15 B.C.-19 A.D.</subfield></datafield><datafield ind1=" " ind2=" " tag="670"><subfield code="a">BeuleÌ&#x81;, C. E. Le sang de Germanicus, 1869.</subfield></datafield><datafield ind1=" " ind2=" " tag="670"><subfield code="a">Encycl. Brit.</subfield><subfield code="b">(Germanicus Caesar (b. 15 BC--d. AD 19)</subfield></datafield><datafield ind1=" " ind2=" " tag="670"><subfield code="a">Encycl. Amer.</subfield><subfield code="b">(Germanicus Caesar, 15 B.C.-19 A.D., b. Nero Claudius Germanicus, adopted by his uncle Tiberius who added "Caesar" to his name)</subfield></datafield><datafield ind1=" " ind2=" " tag="670"><subfield code="a">Colliers encycl.</subfield><subfield code="b">(Germanicus Caesar (15 BC-AD 19) b. Nero Claudius, son of Dursus Germanicus. Official name: Germanicus Julius Caesar)</subfield></datafield><datafield ind1=" " ind2=" " tag="670"><subfield code="a">La commemorazione di Germanico nella documentazione epigrafica, c2000:</subfield><subfield code="b">Italian CIP data (Germanico, Giulio Cesare)</subfield></datafield></record>